@misc{OpenAI_ChatGPT_help_me_on_this,
  author = {OpenAI},
  title = {ChatGPT},
  howpublished = {GPT-3.5, 2024},
  note = {\url{https://chat.openai.com} - Used to get help in crafting the referenced paragraph.},
}

@misc{stackexchange_438384,
    author = {Ashish Anand},
    title = {Difference between Random Forest and Extremely Randomized Trees},
    howpublished = {Cross Validated},
    note = {\url{https://stats.stackexchange.com/q/438384} (version: 2019-11-28)},
}
